@electronic{ softwarequalitaet, 
	title = {Liggesmeyer Peter, Software-Qualit\"at: Testen, Analysieren und Verifizieren von Software. Springer Science and Business Media, 2009.}}

@electronic{ qa_buch, 
	title = {Lin\ss Gerhard, Qualit\"atssicherung - Technische Zuverl\"assigkeit, Carl Hanser Verlag M\"unchen, 2016}}

@electronic{ cypress, 
    title = {Cypress.io, \url{https://www.cypress.io}, Aufgerufen: 20.11.2017}}

@electronic{ gitbook, 
	title = {Git, \url{https://git-scm.com/book/de/v1/}, Aufgerufen: 17.11.2017}}
  
@electronic{ selenium1, 
  	title = {ANFANG, \url{https://git-scm.com/book/de/v1/}, AB HIER BEGINNT DEIN LITERATURVERZEICHNIS.}}

@electronic{ glossar, 
09	title = {Glossar, \url{https://www.inloox.de/projektmanagement-glossar/}, Aufgerufen: 09.11.2017}}
