@electronic{ cypress, 
      title = {Cypress.io, \url{https://www.cypress.io}, Aufgerufen: 20.09.2017}}